@article{shewchuk1994introduction,
  title={An introduction to the conjugate gradient method without the agonizing pain},
  author={Shewchuk, Jonathan Richard},
  year={1994},
  publisher={Carnegie-Mellon University. Department of Computer Science Pittsburgh},
  pages={30--31}
}

@article{shewchuk1994introduction2,
  title={An introduction to the conjugate gradient method without the agonizing pain},
  author={Shewchuk, Jonathan Richard},
  year={1994},
  publisher={Carnegie-Mellon University. Department of Computer Science Pittsburgh},
  pages={37--38}
}

@inbook{Meyer_2000,
    place={Philadelphia},
    title={Linear Equations},
    booktitle={Matrix analysis and applied linear algebra},
    publisher={Society for Industrial and Applied Mathematics},
    author={Meyer, C. D.},
    year={2000},
    pages={14--16}
} 

@inbook{Greenbaum_1997,
    place={Philadelphia},
    title={Chapter 4 - Effects of Finite Precision Arithmetic},
    booktitle={Iterative methods for solving linear systems},
    publisher={SIAM},
    author={Greenbaum, Anne},
    year={1997}
} 
